<?xml version="1.0" encoding="UTF-8"?><collection xmlns="http://www.loc.gov/MARC21/slim"><record><leader>00531nam--2200181-u-4500</leader><controlfield tag="001">000050754</controlfield><controlfield tag="002">20161230</controlfield><controlfield tag="005">20161230201048</controlfield><controlfield tag="008">080331s1000------------r-----000-0-eng-d</controlfield><datafield ind1=" " ind2=" " tag="040"><subfield code="a">IFIN-HH</subfield></datafield><datafield ind1="1" ind2=" " tag="100"><subfield code="a">Deltheil, Robert</subfield></datafield><datafield ind1="1" ind2="0" tag="245"><subfield code="a">Cours de mathematiques generales; Elements de calcul integral. Applications geometriques de l'analyse</subfield></datafield><datafield ind1=" " ind2=" " tag="260"><subfield code="a">Paris</subfield><subfield code="b">Librarie J.-B. Baillere et fils</subfield><subfield code="c">1954</subfield></datafield><datafield ind1=" " ind2=" " tag="300"><subfield code="a">388 p</subfield></datafield><datafield ind1=" " ind2=" " tag="490"><subfield code="v">vol. II</subfield></datafield><datafield ind1=" " ind2="4" tag="650"><subfield code="a">General Mathematics</subfield></datafield><datafield ind1=" " ind2=" " tag="852"><subfield code="a">11908</subfield><subfield code="c">51</subfield></datafield><datafield ind1=" " ind2=" " tag="CAT"><subfield code="a">Sys</subfield><subfield code="c">20080331</subfield><subfield code="h">105757</subfield></datafield></record></collection>